@MISC{Jaakkola96avariational,
    author = {Tommi S. Jaakkola and Michael I. Jordan},
    title = {A variational approach to Bayesian logistic regression models and their extensions},
    year = {1996}
}

@ARTICLE{Wang13,
   author = {{Wang}, C. and {Blei}, D.~M.},
    title = "{Variational Inference in Nonconjugate Models}",
  journal = {ArXiv e-prints},
archivePrefix = "arXiv",
   eprint = {1209.4360},
 primaryClass = "stat.ML",
 keywords = {Statistics - Machine Learning},
     year = 2012,
    month = sep,
   adsurl = {http://adsabs.harvard.edu/abs/2012arXiv1209.4360W},
  adsnote = {Provided by the SAO/NASA Astrophysics Data System}
}
@ARTICLE{RePEc:bes:jnlasa:v:105:i:489:y:2010:p:324-335,
title = {Variational Inference for Large-Scale Models of Discrete Choice},
author = {Braun, Michael and McAuliffe, Jon},
year = {2010},
journal = {Journal of the American Statistical Association},
volume = {105},
number = {489},
pages = {324-335},
url = {http://EconPapers.repec.org/RePEc:bes:jnlasa:v:105:i:489:y:2010:p:324-335}
}

@book{Koller+Friedman:09,
  title = {Probabilistic Graphical Models: Principles and Techniques},
  author = {D. Koller and N. Friedman},
  year = 2009,
  publisher = {MIT Press},
}


@article{GettingStarted,
  author = {Airoldi, Edoardo M},
  biburl = {http://www.bibsonomy.org/bibtex/28ebb1a01e7d5f6da97f4c08c7b1392c8/ytyoun},
  doi = {10.1371/journal.pcbi.0030252},
  journal = { Public Library of Science, International Society for Computational Biology},
  keywords = {imported probabilistic_graphical_model probability},
  month = {12},
  number = 12,
  pages = {e252},
  publisher = {Public Library of Science},
  title = {Getting Started in Probabilistic Graphical Models},
  volume = 3,
  year = 2007
}

@article{Baum1967,
    author = {Baum, L. E. and Eagon, J. A.},
    citeulike-article-id = {2893935},
    journal = {Bull. Am. Math. Soc.},
    keywords = {statistics},
    pages = {360--363},
    posted-at = {2008-06-14 01:06:25},
    priority = {1},
    title = {An inequality with applications to statistical estimation for probabilistic functions of {Markov} processes and to a model for ecology},
    volume = {73},
    year = {1967}
}

@inproceedings{Arnold:2007:TCM:1281192.1281203,
 author = {Arnold, Andrew and Liu, Yan and Abe, Naoki},
 title = {Temporal causal modeling with graphical granger methods},
 booktitle = {Proceedings of the 13th ACM SIGKDD international conference on Knowledge discovery and data mining},
 series = {KDD '07},
 year = {2007},
 isbn = {978-1-59593-609-7},
 location = {San Jose, California, USA},
 pages = {66--75},
 numpages = {10},
 url = {http://doi.acm.org/10.1145/1281192.1281203},
 doi = {10.1145/1281192.1281203},
 acmid = {1281203},
 publisher = {ACM},
 address = {New York, NY, USA},
 keywords = {causal modeling, graphical models, time series data},
} 



@book{Robert:2005:MCS:1051451,
 author = {Robert, Christian P. and Casella, George},
 title = {Monte Carlo Statistical Methods (Springer Texts in Statistics)},
 year = {2005},
 isbn = {0387212396},
 publisher = {Springer-Verlag New York, Inc.},
 address = {Secaucus, NJ, USA},
} 

@electronic{citeulike:6420690,
    author = {Beal, Matthew J.},
    keywords = {bayesian, statistics, thesis, variational\_inference},
    posted-at = {2012-01-10 16:57:03},
    title = {{Variational algorithms for approximate Bayesian inference}},
    url = {http://www.cse.buffalo.edu/faculty/mbeal/thesis/},
    year = {2003}
}


@inproceedings{Azevedo-Filho:1994,
 author = {Azevedo-Filho, Adriano and Shachter, Ross D.},
 title = {Laplace's method approximations for probabilistic inferencein belief networks with continuous variables},
 booktitle = {Proceedings of the Tenth international conference on Uncertainty in artificial intelligence},
 series = {UAI'94},
 year = {1994},
 isbn = {1-55860-332-8},
 location = {Seattle, WA},
 pages = {28--36},
 numpages = {9},
 url = {http://dl.acm.org/citation.cfm?id=2074394.2074399},
 acmid = {2074399},
 publisher = {Morgan Kaufmann Publishers Inc.},
 address = {San Francisco, CA, USA},
} 

@article{ShenACOSB10,
  added-at = {2010-11-11T00:00:00.000+0100},
  author = {Shen, Yuan and Archambeau, CÃ©dric and Cornford, Dan and Opper, Manfred and Shawe-Taylor, John and Barillec, Remi},
  interhash = {1957141559beb05dade79a28b56a4fec},
  intrahash = {2db03fe40f0eb09306061d149d873d34},
  journal = {Signal Processing Systems},
  keywords = {dblp},
  number = 1,
  pages = {51-59},
  timestamp = {2010-11-11T00:00:00.000+0100},
  title = {A Comparison of Variational and Markov Chain Monte Carlo Methods for Inference in Partially Observed Stochastic Dynamic Systems.},
  volume = 61,
  year = 2010
}


@article{Banerjee:2008,
 author = {Banerjee, Onureena and El Ghaoui, Laurent and d'Aspremont, Alexandre},
 title = {Model Selection Through Sparse Maximum Likelihood Estimation for Multivariate Gaussian or Binary Data},
 journal = {J. Mach. Learn. Res.},
 issue_date = {6/1/2008},
 volume = {9},
 month = jun,
 year = {2008},
 issn = {1532-4435},
 pages = {485--516},
 numpages = {32},
 url = {http://dl.acm.org/citation.cfm?id=1390681.1390696},
 acmid = {1390696},
 publisher = {JMLR.org},
} 

@article{abs-0710-0013,
  added-at = {2011-12-05T00:00:00.000+0100},
  author = {Johnson, Jason K. and Malioutov, Dmitry M. and Willsky, Alan S.},
  biburl = {http://www.bibsonomy.org/bibtex/21f686c6ac6e462fa14f599d90cf6ec25/dblp},
  ee = {http://arxiv.org/abs/0710.0013},
  interhash = {b9f578108b18ae7b681fdbd8f8994d25},
  intrahash = {1f686c6ac6e462fa14f599d90cf6ec25},
  journal = {CoRR},
  keywords = {dblp},
  timestamp = {2011-12-05T00:00:00.000+0100},
  title = {Lagrangian Relaxation for MAP Estimation in Graphical Models},
  url = {http://dblp.uni-trier.de/db/journals/corr/corr0710.html#abs-0710-0013},
  volume = {abs/0710.0013},
  year = 2007
}


@article{Yoshida:2010,
 author = {Yoshida, Ryo and West, Mike},
 title = {Bayesian Learning in Sparse Graphical Factor Models via Variational Mean-Field Annealing},
 journal = {J. Mach. Learn. Res.},
 volume = {99},
 month = {August},
 year = {2010},
 issn = {1532-4435},
 pages = {1771--1798},
 numpages = {28},
 url = {http://dl.acm.org/citation.cfm?id=1859890.1859910},
 acmid = {1859910},
 publisher = {MIT Press},
 address = {Cambridge, MA, USA},
} 



@inproceedings{Xu:2008:BLR,
 author = {Xu, Zuobing and Akella, Ram},
 title = {A bayesian logistic regression model for active relevance feedback},
 booktitle = {Proceedings of the 31st annual international ACM SIGIR conference on Research and development in information retrieval},
 series = {SIGIR '08},
 year = {2008},
 isbn = {978-1-60558-164-4},
 location = {Singapore, Singapore},
 pages = {227--234},
 numpages = {8},
 url = {http://doi.acm.org/10.1145/1390334.1390375},
 doi = {10.1145/1390334.1390375},
 acmid = {1390375},
 publisher = {ACM},
 address = {New York, NY, USA},
 keywords = {active learning, bayesian logistic regression, relevance feedback},
} 

@inproceedings{Mukherjee08,
	Author = {Indraneel Mukherjee and David M. Blei},
	Booktitle = {NIPS},
	Date-Added = {2013-03-18 22:58:57 +0000},
	Date-Modified = {2013-03-18 23:34:40 +0000},
	Ee = {http://books.nips.cc/papers/files/nips21/NIPS2008_0434.pdf},
	Pages = {1129-1136},
	Title = {Relative Performance Guarantees for Approximate Inference in Latent Dirichlet Allocation},
	Year = {2008},
	}

@inproceedings{Asuncion2009smoothing,
	Acmid = {1795118},
	Address = {Arlington, Virginia, United States},
	Author = {Asuncion, Arthur and Welling, Max and Smyth, Padhraic and Teh, Yee Whye},
	Booktitle = {Proceedings of the Twenty-Fifth Conference on Uncertainty in Artificial Intelligence},
	Date-Added = {2013-03-18 21:51:18 +0000},
	Date-Modified = {2013-03-18 23:11:51 +0000},
	Isbn = {978-0-9749039-5-8},
	Location = {Montreal, Quebec, Canada},
	Numpages = {8},
	Pages = {27--34},
	Publisher = {AUAI Press},
	Series = {UAI '09},
	Title = {On smoothing and inference for topic models},
	Url = {http://dl.acm.org/citation.cfm?id=1795114.1795118},
	Year = {2009},
	}



@inproceedings{medlda_MCMC12,
	Author = {Qixia Jiang and Jun Zhu and Maosong Sun and Eric P. Xing},
	Booktitle = {NIPS},
	Date-Added = {2012-09-27 06:36:31 +0000},
	Date-Modified = {2012-11-05 02:21:33 +0000},
	Title = {Monte Carlo Methods for Maximum Margin Supervised Topic Models},
	Year = {2012},
	}



@techreport{Minka00,
	Author = {Minka, Thomas P.},
	Citeulike-Article-Id = {3874868},
	Citeulike-Linkout-0 = {http://research.microsoft.com/\~{}minka},
	Date-Added = {2013-03-18 23:07:51 +0000},
	Date-Modified = {2013-03-18 23:20:00 +0000},
	Keywords = {dcm\_distribution, dirichlet},
	Posted-At = {2009-01-12 03:37:15},
	Priority = {0},
	Title = {Estimating a {D}irichlet distribution},
	Url = {http://research.microsoft.com/\~{}minka},
	Year = {2009},
	}

@inproceedings{WallachMM09,
  added-at = {2011-11-10T00:00:00.000+0100},
  author = {Wallach, Hanna M. and Mimno, David M. and McCallum, Andrew},
  booktitle = {NIPS},
  crossref = {conf/nips/2009},
  editor = {Bengio, Yoshua and Schuurmans, Dale and Lafferty, John D. and Williams, Christopher K. I. and Culotta, Aron},
  ee = {http://books.nips.cc/papers/files/nips22/NIPS2009_0929.pdf},
  interhash = {c722580756357c7c1ef5df680c8d50a0},
  intrahash = {4b29f21393fb64c21ddd838c2ae3ff15},
  isbn = {9781615679119},
  keywords = {dblp},
  pages = {1973-1981},
  publisher = {Curran Associates, Inc.},
  timestamp = {2011-11-10T00:00:00.000+0100},
  title = {Rethinking LDA: Why Priors Matter.},
  url = {http://dblp.uni-trier.de/db/conf/nips/nips2009.html#WallachMM09},
  year = 2009
}


@article{Holmes,
    author = {Holmes, Chris C. and Held, Leonhard},
    journal = {Bayesian Analysis},
    keywords = {bayesian, regression},
    number = {1},
    pages = {145--168},
    posted-at = {2009-06-01 03:35:12},
    priority = {4},
    title = {{Bayesian Auxiliary Variable Models for Binary and Multinomial Regression}},
    url = {http://ba.stat.cmu.edu/journal/2006/vol01/issue01/held.pdf},
    volume = {1},
    year = {2006}
}


@article{Groenewald2005,
  added-at = {2008-04-23T14:55:19.000+0200},
  author = {Groenewald, Pieter C. N. and Mokgatlhe, Lucky},
  day = 01,
  journal = {Computational Statistics \& Data Analysis},
  keywords = {Data augmentation},
  month = {Apr},
  number = 4,
  pages = {857--868},
  timestamp = {2008-04-23T14:55:19.000+0200},
  title = {Bayesian computation for logistic regression},
  volume = 48,
  year = 2005
}


@incollection{Heskes02,
  author    = "Tom Heskes",
  title     = "Stable Fixed Points of Loopy Belief Propagation Are Local Minima of the Bethe Free Energy",
  booktitle = "Advances in Neural Information Processing Systems 15",
  editor    = "S. Becker, S. Thrun and K. Obermayer",
  publisher = "MIT Press",
  address   = "Cambridge, MA",
  pages     = "343--350",
  year      = "2003",
}


@inbook{sutton06introduction,
  added-at = {2009-08-20T16:46:16.000+0200},
  author = {Sutton, Charles and Mccallum, Andrew},
  booktitle = {Introduction to Statistical Relational Learning},
  citeulike-article-id = {2913964},
  description = {CiteULike: Introduction to Conditional Random Fields for Relational Learning},
  editor = {Getoor, Lise and Taskar, Ben},
  keywords = {prontoLiterature},
  posted-at = {2008-06-21 15:21:58},
  priority = {4},
  publisher = {MIT Press},
  timestamp = {2009-08-20T16:46:16.000+0200},
  title = {Introduction to Conditional Random Fields for Relational Learning},
  year = 2006
}


@article{Hastings70,
 author = "W.K. Hastings",
 title = "Monte Carlo samping methods using Markov chains and their applications",
 journal = "Biometrika",
 volumne = "57",
 pages = "97-109",
 year = "1970"
}

@article{Metropolis53,
  author = "Nicholas Metropolis and Arianna W. Rosenbluth and Marshall N. Rosenbluth and Augusta H. Teller and Edward Teller",
  title = "Equation of State Calculations by Fast Computing Machines",
  journal = "Journal of Chemical Physics",
  volume = "21",
  pages = "1087-1092",
  year = "1953"
}

@article{Massey1951,
    author = {Massey, Frank J.},
    citeulike-article-id = {5652049},
    citeulike-linkout-0 = {http://www.jstor.org/stable/2280095},
    journal = {Journal of the American Statistical Association},
    keywords = {gof, kstest},
    number = {253},
    pages = {68--78},
    posted-at = {2009-08-26 20:27:40},
    priority = {2},
    publisher = {American Statistical Association},
    title = {The {K}olmogorov-{S}mirnov Test for Goodness of Fit},
    url = {http://www.jstor.org/stable/2280095},
    volume = {46},
    year = {1951}
}
