@MISC{Jaakkola96avariational,
    author = {Tommi S. Jaakkola and Michael I. Jordan},
    title = {A variational approach to Bayesian logistic regression models and their extensions},
    year = {1996}
}

@ARTICLE{2012arXiv1209.4360W,
   author = {{Wang}, C. and {Blei}, D.~M.},
    title = "{Variational Inference in Nonconjugate Models}",
  journal = {ArXiv e-prints},
archivePrefix = "arXiv",
   eprint = {1209.4360},
 primaryClass = "stat.ML",
 keywords = {Statistics - Machine Learning},
     year = 2012,
    month = sep,
   adsurl = {http://adsabs.harvard.edu/abs/2012arXiv1209.4360W},
  adsnote = {Provided by the SAO/NASA Astrophysics Data System}
}
@ARTICLE{RePEc:bes:jnlasa:v:105:i:489:y:2010:p:324-335,
title = {Variational Inference for Large-Scale Models of Discrete Choice},
author = {Braun, Michael and McAuliffe, Jon},
year = {2010},
journal = {Journal of the American Statistical Association},
volume = {105},
number = {489},
pages = {324-335},
url = {http://EconPapers.repec.org/RePEc:bes:jnlasa:v:105:i:489:y:2010:p:324-335}
}